<?xml version="1.0" encoding="UTF-8" ?>
<collection xmlns:xsi="http://www.w3.org/2001/XMLSchema-instance"
    xsi:schemaLocation="http://www.loc.gov/MARC21/slim
        http://www.loc.gov/standards/marcxml/schema/MARC21slim.xsd"
    xmlns="http://www.loc.gov/MARC21/slim">
<record>
  <leader>00262cam a2200505 i 4500</leader>
  <controlfield tag="001">b12333955</controlfield>
  <controlfield tag="003">LeBAU</controlfield>
  <controlfield tag="005">20140210</controlfield>
  <controlfield tag="008">970202s1930    ua            000 0 ara d</controlfield>
  <datafield tag="035" ind1=" " ind2=" ">
    <subfield code="a">ocn784209127</subfield>
  </datafield>
  <datafield tag="040" ind1=" " ind2=" ">
    <subfield code="a">LEAUB</subfield>
    <subfield code="b">ara</subfield>
    <subfield code="e">rda</subfield>
    <subfield code="c">LEAUB</subfield>
    <subfield code="d">LEAUB</subfield>
  </datafield>
  <datafield tag="082" ind1="0" ind2="4">
    <subfield code="a">212</subfield>
    <subfield code="2">22</subfield>
  </datafield>
  <datafield tag="100" ind1="1" ind2=" ">
    <subfield code="6">880-01</subfield>
    <subfield code="a">Ibn Taymīyah, Aḥmad ibn ʻAbd al-Ḥalīm,</subfield>
    <subfield code="d">1263-1328,</subfield>
    <subfield code="e">author.</subfield>
  </datafield>
  <datafield tag="245" ind1="1" ind2="0">
    <subfield code="6">880-02</subfield>
    <subfield code="a">Ḥaqīqat madhhab al-Ittiḥādiyīn, aw, wiḥdat al-wujūd wa- bayān buṭlānuh bi-al-barāhīn al-naqlīyah wa-al-‘aqlīyah .</subfield>
    <subfield code="b">[wa-yalīh] ‘Arsh al-Raḥmān wa-mā warada fīh min al-Āyāt wa-al-Aḥādīth /</subfield>
    <subfield code="c">min rasā’il Shaykh al-Islām ibn Taymīyah ; ashrafa ‘alá taṣḥīḥih wa-‘allaqa ‘aylhi ḥawāshīh al-Sayyid Muḥammad Rashīd Riḍā, munshi’ Majallat al-Manār.</subfield>
  </datafield>
  <datafield tag="246" ind1="3" ind2=" ">
    <subfield code="a">Wiḥdat al-wujūd wa- bayān buṭlānuh bi-al-barāhīn al-naqlīyah wa-al-‘aqlīyah</subfield>
  </datafield>
  <datafield tag="246" ind1="3" ind2="0">
    <subfield code="6">880-03</subfield>
    <subfield code="a">وحدة الوجود وبيان بطلانه بالبراهين النقلية والعقلية</subfield>
  </datafield>
  <datafield tag="250" ind1=" " ind2=" ">
    <subfield code="6">880-04</subfield>
    <subfield code="a">al-Ṭab‘ah al-ūlá.</subfield>
  </datafield>
  <datafield tag="264" ind1=" " ind2="1">
    <subfield code="6">880-05</subfield>
    <subfield code="a">Miṣr :</subfield>
    <subfield code="b">Maṭba‘at al-Manār,</subfield>
    <subfield code="c">1349 [H.], [1930? M.]</subfield>
  </datafield>
  <datafield tag="300" ind1=" " ind2=" ">
    <subfield code="6">880-06</subfield>
    <subfield code="a">1 volume (140 pages) ;</subfield>
    <subfield code="c">24 cm</subfield>
  </datafield>
  <datafield tag="336" ind1=" " ind2=" ">
    <subfield code="a">text</subfield>
    <subfield code="b">txt</subfield>
    <subfield code="2">rdacontent</subfield>
  </datafield>
  <datafield tag="337" ind1=" " ind2=" ">
    <subfield code="a">unmediated</subfield>
    <subfield code="b">n</subfield>
    <subfield code="2">rdamedia</subfield>
  </datafield>
  <datafield tag="338" ind1=" " ind2=" ">
    <subfield code="a">volume</subfield>
    <subfield code="b">nc</subfield>
    <subfield code="2">rdacarrier</subfield>
  </datafield>
  <datafield tag="500" ind1=" " ind2=" ">
    <subfield code="a">يليه عرش الرحمن وما ورد فيه من الآيات والأحاديث : وكونه فوق العالم كله ومعنى التوجه في الدعاء الى جهة العلو وبطلان ما قيل من أن العرش هو الفلك التاسع عند علماء الهيئة اليونانية.</subfield>
  </datafield>
  <datafield tag="590" ind1=" " ind2=" ">
    <subfield code="a">في المكتبة: الجزء 4.</subfield>
  </datafield>
  <datafield tag="650" ind1=" " ind2="4">
    <subfield code="a">علم الوجود</subfield>
    <subfield code="v">1800اعمال قديمة حتى .</subfield>
  </datafield>
  <datafield tag="650" ind1=" " ind2="4">
    <subfield code="a">الاسلام</subfield>
    <subfield code="x">عقائد</subfield>
    <subfield code="v">اعمال قديمة حتى 1800.  </subfield>
  </datafield>
  <datafield tag="650" ind1=" " ind2="0">
    <subfield code="a">Ontology</subfield>
    <subfield code="v">Early works to 1800.</subfield>
  </datafield>
  <datafield tag="650" ind1=" " ind2="0">
    <subfield code="a">Islam</subfield>
    <subfield code="x">Doctrines</subfield>
    <subfield code="v">Early works to 1800.</subfield>
  </datafield>
  <datafield tag="700" ind1="0" ind2=" ">
    <subfield code="6">880-07</subfield>
    <subfield code="a">Muḥammad Rashīd Riḍā,</subfield>
    <subfield code="e">corrector.</subfield>
  </datafield>
  <datafield tag="700" ind1="0" ind2=" ">
    <subfield code="6">880-08</subfield>
    <subfield code="a">Muḥammad Rashīd Riḍā,</subfield>
    <subfield code="e">commentator for written text.</subfield>
  </datafield>
  <datafield tag="700" ind1="1" ind2="2">
    <subfield code="6">880-09</subfield>
    <subfield code="a">Ibn Taymīyah, Aḥmad ibn ʻAbd al-Ḥalīm,</subfield>
    <subfield code="d">1263-1328.</subfield>
    <subfield code="t">‘Arsh al-Raḥmān.</subfield>
  </datafield>
  <datafield tag="852" ind1=" " ind2=" ">
    <subfield code="a">Jafet Archives and Special Collections</subfield>
    <subfield code="e">American University of Beirut, Bliss Street, Beirut, ‎Lebanon.‎</subfield>
  </datafield>
  <datafield tag="880" ind1="1" ind2=" ">
    <subfield code="6">100-01/(3/r</subfield>
    <subfield code="a">ابن تيمية، احمد بن عبد الحليم،</subfield>
    <subfield code="d">1263-1328،</subfield>
    <subfield code="e">مؤلف. </subfield>
    <subfield code="4">aut.</subfield>
  </datafield>
  <datafield tag="880" ind1="1" ind2="0">
    <subfield code="6">245-02/(3/r</subfield>
    <subfield code="a">حقيقة مذهب الإتحاديين، أو، وحدة الوجود وبيان بطلانه بالبراهين النقلية و العقلية .</subfield>
    <subfield code="b">[ويليه] عرش الرحمن وما ورد فيه من الآيات و الأحاديث /</subfield>
    <subfield code="c">من رسائل شيخ الإسلام إبن تيمية ؛ أشرف على تصحيحه وعلق عليه حواشيه السيد محمد رشيد رضا، منشىء مجلة المنار.</subfield>
  </datafield>
  <datafield tag="880" ind1="3" ind2="0">
    <subfield code="6">246-03/(3/r</subfield>
    <subfield code="a">Wiḥdat al-wujūd wa- bayān buṭlānuh bi-al-barāhīn al-naqlīyah wa-al-‘aqlīyah</subfield>
  </datafield>
  <datafield tag="880" ind1=" " ind2=" ">
    <subfield code="6">250-04/(3/r</subfield>
    <subfield code="a">الطبعة الأولى.</subfield>
  </datafield>
  <datafield tag="880" ind1=" " ind2="1">
    <subfield code="6">264-05/(3/r</subfield>
    <subfield code="a">مصر :</subfield>
    <subfield code="b">مطبعة المنار،</subfield>
    <subfield code="c">1349 [هـ.]، [1930؟ م.]</subfield>
  </datafield>
  <datafield tag="880" ind1=" " ind2=" ">
    <subfield code="6">300-06/(3/r</subfield>
    <subfield code="a">1 جزء (140 صفحة) ؛</subfield>
    <subfield code="c">24 سم</subfield>
  </datafield>
  <datafield tag="880" ind1="0" ind2=" ">
    <subfield code="6">700-07/(3/r</subfield>
    <subfield code="a">محمد رشيد رضا،</subfield>
    <subfield code="e">مصحح. </subfield>
    <subfield code="4">crr.</subfield>
  </datafield>
  <datafield tag="880" ind1="0" ind2=" ">
    <subfield code="6">700-08/(3/r</subfield>
    <subfield code="a">محمد رشيد رضا،</subfield>
    <subfield code="e">معلق على نص. </subfield>
    <subfield code="4">cwt.</subfield>
  </datafield>
  <datafield tag="880" ind1="1" ind2="2">
    <subfield code="6">700-09/(3/r</subfield>
    <subfield code="a">ابن تيمية، احمد بن عبد الحليم،</subfield>
    <subfield code="d">1263-1328.</subfield>
    <subfield code="t">عرش الرحمن.</subfield>
  </datafield>
  <datafield tag="907" ind1=" " ind2=" ">
    <subfield code="a">.b12333955</subfield>
    <subfield code="b">16-09-15</subfield>
    <subfield code="c">11-05-24</subfield>
  </datafield>
  <datafield tag="907" ind1=" " ind2=" ">
    <subfield code="a">.b12333955</subfield>
    <subfield code="b">11-10-11</subfield>
    <subfield code="c">11-05-24</subfield>
  </datafield>
  <datafield tag="945" ind1=" " ind2=" ">
    <subfield code="f">CA</subfield>
    <subfield code="a">212:I13hA:v.4:c.1</subfield>
    <subfield code="g">1</subfield>
    <subfield code="i">01003331</subfield>
    <subfield code="j">.i12766847</subfield>
    <subfield code="l">u0304</subfield>
  </datafield>
  <datafield tag="998" ind1=" " ind2=" ">
    <subfield code="a">u03</subfield>
    <subfield code="b">97-02-02</subfield>
    <subfield code="c">m</subfield>
    <subfield code="d">a</subfield>
    <subfield code="e">-</subfield>
    <subfield code="f">ara</subfield>
    <subfield code="g">ua </subfield>
    <subfield code="h">0</subfield>
    <subfield code="i">1</subfield>
  </datafield>
</record>
</collection>
